\en
@BOOK{Strang:1, 
AUTHOR = "Gilbert Strang" , 
TITLE = "Γραμμική Άλγεβρα και Εφαρμογές" ,
PUBLISHER = "Πανεπιστημιακές Εκδόσεις Κρήτης",
YEAR = "2013"}

@BOOK{Meyer:2, 
AUTHOR = "Carl D. Meyer" , 
TITLE = "Matrix Analysis and Applied Linear Algebra" ,
PUBLISHER = "SIAM", 
YEAR = "2000",
language ="English",
hyphenation="english"}

@BOOK{prob:15, 
AUTHOR = "Ι.Α.Κουτρουβέλης" , 
TITLE = "Εφαρμοσμένες Πιθανότητες και Στατιστική" ,
PUBLISHER = "Εκδόσεις Συμμετρία", 
YEAR = "2011"}

@BOOK{prob:16, 
AUTHOR = "Hwei P. Hsu" , 
TITLE = "Schaum's Outline of Theory and Problems of Probability, Random Variables and Random Processes" ,
PUBLISHER = "The McGraw-Hill Companies", 
YEAR = "1997",
language  ="English",
hyphenation="english"}

@BOOK{pca:3, 
AUTHOR = "I.T. Jolliffe ", 
TITLE = "Principal Component Analysis, 2nd Edition" ,
PUBLISHER = "Springer" , 
YEAR = "2002",
language  ="English",
hyphenation="english"}

@online{langrage:4,
HOWPUBLISHED = {\url{https://en.wikipedia.org/wiki/Lagrange_multiplier}} ,
language  ="English",
hyphenation="english"}

@ARTICLE{whiten:5,
AUTHOR = "Agnan Kessy, Alex Lewin, Korbinian Strimmer" ,
TITLE = "Optimal Whitening and Decorrelation"  ,
JOURNAL = " American Statistician 2018, Vol. 72, No. 4, pp. 309-314",
language  ="English",
hyphenation="english"}

@BOOK{ica:6,
AUTHOR = "Aapo Hyv{\"a}rinen, Juha Karhunen, Erkki Oja ", 
TITLE = " Independent Component Analysis " ,
PUBLISHER = " John Wiley \& Sons " , 
YEAR = "2001",
language  ="English",
hyphenation="english"}

@article{ica:7,
author = {Naik, G.R.},
title = {An overview of independent component analysis and its applications},
journal = {Informatica (Ljubljana)},
year = {2011},
language  ="English",
hyphenation="english"
}

@ARTICLE{cltheorem:8,
AUTHOR = "Boutsikas M.V" ,
TITLE = "Σημειώσεις Στατιστικής 3"  ,
JOURNAL = " Τμήμα Οικονομικής Επιστήμης, Πανεπιστήμιο Πειραιώς "
}

@BOOK{entropy:9,
AUTHOR = "Thomas M. Cover, Jay A. Thomas ", 
TITLE = " Elements of Information Theory, 2nd Edition " ,
PUBLISHER = " John Wiley \& Sons " , 
YEAR = "2006",
language  ="English",
hyphenation="english"}

@ARTICLE{ica:10,
author={A. {Hyvarinen}},
journal={IEEE Transactions on Neural Networks},
title={Fast and robust fixed-point algorithms for independent component analysis},
year={1999},
language  ="English",
hyphenation="english"
}

@online{gram-smidt:11,
HOWPUBLISHED = {\url{https://www.csd.uoc.gr/~hy119/Schmidt.pdf}},
language  ="English",
hyphenation="english" }

@article{piCA:12,
author = {K. Saul, Lawrence and Allen, Jont},
title = {Periodic Component Analysis: An Eigenvalue Method for Representing Periodic Structure in Speech.},
journal = {NIPS},
year = {2000},
language  ="English",
hyphenation="english"
}

@ARTICLE{amuse:13,
author={L. {Tong} and R. -. {Liu} and V. C. {Soon} and Y. -. {Huang}},
title={Indeterminacy and identifiability of blind identification},
journal={IEEE Transactions on Circuits and Systems},
year={1991},
language  ="English",
hyphenation="english"
}

@article{piCA:14,
author = {Sameni, Reza and Jutten, Christian and B Shamsollahi, Mohammad},
title = {Multichannel Electrocardiogram Decomposition Using Periodic Component Analysis},
journal = {IEEE transactions on bio-medical engineering},
year = {2008},
language  ="English",
hyphenation="english"
}

@article{pi:17,
author = {Pinheiro, Carlos},
title = {Arrhythmic ECG Signals Extraction by Blind Source Separation},
journal = {Elektronika ir Elektrotechnika} , 
year = {2010},
language  ="English",
hyphenation="english"
}

@online{db:19,
HOWPUBLISHED = {\url{https://www.physionet.org/physiotools/wfdb.html}},
language  ="English",
hyphenation="english"}

@misc{signals:18,
  url = {https://physionet.org/physiobank/database/aami-ec13/},
  author = {{Association For The Advancement Of Medical Instrumentation}},
  title = {ANSI/AAMI EC13 Test Waveforms},
  publisher = {physionet.org},
  year = {2002},
  language  ="English",
  hyphenation="english"
}

@article{examples:20,
author = {Jezewski, Janusz and Matonia, Adam and Kupka, Tomasz and Roj, Dawid and Czabanski, Robert},
title = {Determination of fetal heart rate from abdominal signals: Evaluation of beat-to-beat accuracy in relation to the direct fetal electrocardiogram},
journal = {Biomedizinische Technik/Biomedical Engineering},
year = {2012},
language  ="English",
hyphenation="english"
}

@article{examples:21,
author = {Ary L. Goldberger  and Luis A. N. Amaral  and Leon Glass  and Jeffrey M. Hausdorff  and Plamen Ch. Ivanov  and Roger G. Mark  and Joseph E. Mietus  and George B. Moody  and Chung-Kang Peng  and H. Eugene Stanley },
title = {PhysioBank, PhysioToolkit, and PhysioNet  },
journal = {Circulation},
year = {2000},
URL = {https://www.ahajournals.org/doi/abs/10.1161/01.CIR.101.23.e215},
language  ="English",
hyphenation="english"
}

@online{examples:22,
HOWPUBLISHED = {\url{https://physionet.org/physiobank/database/adfecgdb/}} ,
language  ="English",
hyphenation="english"}

@online{heart:23,
HOWPUBLISHED = {\url{https://en.wikipedia.org/wiki/Heart}},
language  ="English",
hyphenation="english"
}

@book{heart:26,
author = {Iaizzo, P.} ,
title = {Handbook of cardiac anatomy, physiology, and devices},
publisher = {Humana Press},
year = {2005}
}

@article{daisy:24,
author = {B.DeMoor},
title = {Database for the Identification of Systems (DaISy)},
URL = {https://homes.esat.kuleuven.be/~tokka/daisydata.html},
language  ="English",
hyphenation="english"
}

@article{criterion:25,
author = {Selva Kumari, R.Shantha and Sherly, LTA},
title = {Extraction of fetal ECG signal from abdominal and thoracic ECG signal using periodic component analysis},
journal = {International Journal of Human Physiology},
year = {2012},
language  ="English",
hyphenation="english"
}

@ARTICLE{codes:28,
AUTHOR = "\gr Ιωάννης Κατσιός",
TITLE = "Διαχωρισμός ψηφιακών σημάτων καρδιογραφίας στις περιοδικές συνιστώσες τους",
JOURNAL = "Πανεπιστήμιο Πατρών",
YEAR = "2016"}

@BOOK{signals:27, 
AUTHOR = "\gr Α. Ι. Μάργαρης" , 
TITLE = "Σήματα και Συστήματα Συνεχούς και Διακριτού Χρόνου" ,
PUBLISHER = "Εκδόσεις Τζιόλα \en",
YEAR = "2015"}

\en 
@online{python:29,
HOWPUBLISHED = {\url{https://www.scipy.org}},
}
\en
@online{python:30,
HOWPUBLISHED = {\url{http://www.numpy.org}},
}
\en 
@online{python:31,
HOWPUBLISHED = {\url{https://matplotlib.org}},
}